@article{Bondarenko2005,
    author  = "Dmitri M. Bondarenko",
    title   = "A Homoarchic Alternative to the Homoarchic State: Benin Kingdom of the 13th--19th Centuries",
    year    = "2005",
    journal = "Social Evolution \& History",
    volume  = "4",
    number  = "2",
    pages   = "18--88"
}

@book{Bouwer1988,
    author  = "I. Z. Bower",
    title   = "The Foster Census",
    publisher   = "Charles Babbage Research Centre",
    year    = "1988",
    address = "Winnipeg"
}
