@article{Bondarenko2005,
    author  = "Dmitri M. Bondarenko",
    title   = "A Homoarchic Alternative to the Homoarchic State: Benin Kingdom of the 13th--19th Centuries",
    year    = "2005",
    journal = "Social Evolution \& History",
    volume  = "4",
    number  = "2",
    pages   = "18--88"
}

@book{Bouwer1988,
    author  = "I. Z. Bower",
    title   = "The Foster Census",
    publisher   = "Charles Babbage Research Centre",
    year    = "1988",
    address = "Winnipeg"
}

@article{aho1973,
  title={Some doubly exponential sequences},
  author={Aho, Alfred V and Sloane, Neil JA},
  journal={Fibonacci Quart},
  volume={11},
  number={4},
  pages={429--437},
  year={1973}
}

@article{sylvester1880point,
  title={On a point in the theory of vulgar fractions},
  author={Sylvester, James J},
  journal={American Journal of Mathematics},
  volume={3},
  number={4},
  pages={332--335},
  year={1880},
  publisher={JSTOR}
}