@article{aho1973some,
  title={Some doubly exponential sequences},
  author={Aho, Alfred V and Sloane, Neil JA},
  journal={Fibonacci Quart},
  volume={11},
  number={4},
  pages={429--437},
  year={1973}
}